%% This BibTeX bibliography file was created using BibDesk.
%% http://bibdesk.sourceforge.net/

%% Created for Trevor Bedford at 2017-08-10 10:08:01 -0700 


%% Saved with string encoding Unicode (UTF-8) 


@article{dudas2017virus,
	Author = {Dudas, Gytis and Carvalho, Luiz Max and Bedford, Trevor and Tatem, Andrew J and Baele, Guy and Faria, Nuno R and Park, Daniel J and Ladner, Jason T and Arias, Armando and Asogun, Danny and others},
	Date-Added = {2017-08-10 17:07:47 +0000},
	Date-Modified = {2017-08-10 17:08:01 +0000},
	Journal = {Nature},
	Number = {7650},
	Pages = {309--315},
	Title = {Virus genomes reveal factors that spread and sustained the {Ebola} epidemic},
	Volume = {544},
	Year = {2017}}
	
@article{drummond2007beast,
  title={BEAST: Bayesian evolutionary analysis by sampling trees},
  author={Drummond, Alexei J and Rambaut, Andrew},
  journal={BMC evolutionary biology},
  volume={7},
  number={1},
  pages={214},
  year={2007},
  publisher={BioMed Central}
}

@article{world2016ebola,
	Author = {World Health Organization and others},
	Title = {Ebola virus disease situation report},
	Year = {2016}
}